
@online{thirah_vorhangeschloss-schlussel-computer-icons_nodate,
	title = {Vorhängeschloss-Schlüssel-Computer-Icons},
	url = {https://de.cleanpng.com/png-qhshuq/},
	titleaddon = {cleanpng.com},
	author = {Thirah},
	urldate = {2020-05-01},
	note = {Library Catalog: de.cleanpng.com},
	file = {Snapshot:C\:\\Users\\Fabian\\Zotero\\storage\\KS4XBL77\\png-qhshuq.html:text/html}
}