
@article{kumar_simulation_2010,
	title = {Simulation and comparison of {SPWM} and {SVPWM} control for three phase inverter},
	volume = {5},
	pages = {14},
	number = {7},
	author = {Kumar, K Vinoth and Michael, Prawin Angel and John, Joseph P and Kumar, Dr S Suresh},
	date = {2010},
	langid = {english},
	file = {Kumar et al. - 2010 - Simulation and comparison of SPWM and SVPWM contro.pdf:C\:\\Users\\Fabian\\Zotero\\storage\\YX2UJDQW\\Kumar et al. - 2010 - Simulation and comparison of SPWM and SVPWM contro.pdf:application/pdf}
}

@inreference{noauthor_vektorregelung_2018,
	title = {Vektorregelung},
	rights = {Creative Commons Attribution-{ShareAlike} License},
	url = {https://de.wikipedia.org/w/index.php?title=Vektorregelung&oldid=180867522},
	booktitle = {Wikipedia},
	urldate = {2019-10-01},
	date = {2018-09-13},
	langid = {german},
	note = {Page Version {ID}: 180867522},
	file = {Snapshot:C\:\\Users\\Fabian\\Zotero\\storage\\RM32NFWX\\index.html:text/html}
}

@book{roppel_grundlagen_2006,
	location = {München},
	title = {Grundlagen der digitalen Kommunikationstechnik: Übertragungstechnik – Signalverarbeitung – Netze},
	isbn = {978-3-446-22857-3 978-3-446-40879-1},
	url = {http://www.hanser-elibrary.com/doi/book/10.3139/9783446408791},
	shorttitle = {Grundlagen der digitalen Kommunikationstechnik},
	publisher = {Carl Hanser Verlag {GmbH} \&amp; Co. {KG}},
	author = {Roppel, Carsten},
	urldate = {2019-11-25},
	date = {2006-03-02},
	langid = {german},
	doi = {10.3139/9783446408791},
	file = {Roppel - 2006 - Grundlagen der digitalen Kommunikationstechnik Üb.pdf:C\:\\Users\\Fabian\\Zotero\\storage\\DYRU5RFF\\Roppel - 2006 - Grundlagen der digitalen Kommunikationstechnik Üb.pdf:application/pdf}
}

@misc{ebg_resistors_power_2017,
	title = {Power Resistor, Series {HXP} 200, {SOT}-227},
	url = {https://ppmpower.co.uk/wp-content/uploads/EBG_Series_HXP-200__SOT-227_2017.2.pdf},
	author = {{EBG} Resistors},
	urldate = {2020-01-02},
	date = {2017-02}
}