
@misc{espressif_esp32-wroom-32_datasheet_en_2019,
  title = {Esp32-Wroom-32\_datasheet\_en},
  author = {Espressif},
  date = {2019-09}
}

@report{espressif_systems_espressif_2013,
  title = {Espressif Smart Connectivity Platform: {{ESP8266}}},
  author = {{Espressif Systems}},
  date = {2013},
  url = {https://nurdspace.nl/images/e/e0/ESP8266_Specifications_English.pdf},
  urldate = {2019-06-02},
  type = {Datenblatt}
}

@misc{hager_hager_kat1_08_technik_d_2019,
  title = {Hager\_{{Kat1}}\_08\_{{Technik}}\_{{D}}},
  author = {Hager},
  date = {2019}
}

@online{iobroker_einsteiger_nodate,
  title = {Einsteiger – Willkommen! – ioBroker},
  author = {{iobroker}},
  url = {index-5.htm?page_id=6317&lang=de},
  urldate = {2020-01-20},
  file = {C\:\\Users\\FT12L\\Zotero\\storage\\DRTAUUFA\\index-5.html},
  langid = {german}
}

@online{korte_script_2018,
  title = {Script über View ausführen},
  author = {Korte, Matthias},
  date = {2018-03-11T11:39:51+01:00},
  journaltitle = {smarthome-tricks.de},
  url = {https://www.smarthome-tricks.de/software-iobroker/script-ueber-view-ausfuehren/},
  urldate = {2020-01-20},
  abstract = {In diesem Artikel zeige ich Dir, wie Du ein JavaScript über eine Schaltfläche in Deiner VIS-Visualisierung ausführen kannst. Für den Artikel werden wir eine Telegram-Nachricht über die Visualisierung versenden. Im ersten Schritt legen wir uns nun},
  file = {C\:\\Users\\FT12L\\Zotero\\storage\\RN28EY77\\script-ueber-view-ausfuehren.html},
  langid = {german}
}

@online{mikrocontroller.net_relais_nodate,
  title = {Relais Mit {{Logik}} Ansteuern – {{Mikrocontroller}}.Net},
  author = {Mikrocontroller.net},
  url = {https://www.mikrocontroller.net/articles/Relais_mit_Logik_ansteuern},
  urldate = {2020-01-02},
  file = {C\:\\Users\\FT12L\\Zotero\\storage\\RHQHB7UR\\Relais_mit_Logik_ansteuern.html}
}

@online{miller_rc-glied_nodate,
  title = {{{RC}}-{{Glied}} Für {{PWM}}},
  author = {Miller, Lothar},
  url = {http://www.lothar-miller.de/s9y/categories/13-RC-Glied-fuer-PWM},
  urldate = {2019-12-31},
  file = {C\:\\Users\\FT12L\\Zotero\\storage\\XXHZDM2E\\13-RC-Glied-fuer-PWM.html}
}

@online{noauthor_arduino_nodate,
  title = {Arduino - {{AboutUs}}},
  url = {https://www.arduino.cc/en/Main/AboutUs},
  urldate = {2019-12-01},
  file = {C\:\\Users\\FT12L\\Zotero\\storage\\D8RDP3UZ\\AboutUs.html}
}

@online{noauthor_arduino_nodate-1,
  title = {Arduino {{Client}} for {{MQTT}}},
  url = {https://pubsubclient.knolleary.net/api.html#publish1},
  urldate = {2020-01-18},
  file = {C\:\\Users\\FT12L\\Zotero\\storage\\9KADDKKZ\\api.html}
}

@online{noauthor_balenaetcher_nodate,
  title = {{{balenaEtcher}} - {{Home}}},
  journaltitle = {balenaEtcher},
  url = {https://www.balena.io},
  urldate = {2019-12-23},
  abstract = {A cross-platform tool for flashing images to SD cards \& USB drives.},
  file = {C\:\\Users\\FT12L\\Zotero\\storage\\PU9HSZTC\\etcher.html},
  langid = {english}
}

@online{noauthor_cc3235s.pdf_nodate,
  title = {Cc3235s.Pdf},
  url = {http://www.ti.com/lit/ds/symlink/cc3235s.pdf?HQS=TI-null-null-mousermode-df-pf-null-wwe&DCM=yes&ref_url=https%3A%2F%2Fwww.mouser.ch%2F},
  urldate = {2020-01-10},
  file = {C\:\\Users\\FT12L\\Zotero\\storage\\HERVN5KC\\cc3235s.pdf}
}

@online{noauthor_download_nodate,
  title = {Download {{Raspbian}} for {{Raspberry Pi}}},
  journaltitle = {Raspberry Pi},
  url = {https://www.raspberrypi.org/downloads/raspbian/},
  urldate = {2019-12-22},
  abstract = {Raspbian is the Foundation's official supported operating system. You can install it with NOOBS or download the image below.},
  file = {C\:\\Users\\FT12L\\Zotero\\storage\\BVBQD6WI\\raspbian.html},
  langid = {british}
}

@online{noauthor_eigener_nodate,
  title = {Eigener Cloud-Server mit MQTT – RevPiModIO},
  url = {https://revpimodio.org/iot-mqtt/},
  urldate = {2019-12-29},
  file = {C\:\\Users\\FT12L\\Zotero\\storage\\HEWL3ICK\\iot-mqtt.html},
  langid = {german}
}

@online{noauthor_esp32_2019,
  title = {{{ESP32 Analog Input}} with {{Arduino IDE}}},
  date = {2019-05-31T13:53:42Z},
  journaltitle = {Random Nerd Tutorials},
  url = {https://randomnerdtutorials.com/esp32-adc-analog-read-arduino-ide/},
  urldate = {2020-07-15},
  abstract = {Learn how to read ESP32 Analog Inputs with Arduino IDE using analogRead function. Analog reading is useful to read values from potentiometers, analog sensors, etc},
  file = {C\:\\Users\\FT12L\\Zotero\\storage\\R9VDNXGD\\esp32-adc-analog-read-arduino-ide.html},
  langid = {american}
}

@online{noauthor_event_nodate,
  title = {Event {{Bus}}},
  url = {https://www.openhab.org/docs/developer/utils/events.html},
  urldate = {2020-07-13},
  abstract = {a vendor and technology agnostic open source automation software for your home},
  file = {C\:\\Users\\FT12L\\Zotero\\storage\\LR3CFAWR\\events.html},
  langid = {american}
}

@online{noauthor_get_nodate,
  title = {Get {{Started}} — {{ESP}}-{{IDF Programming Guide}} v4.1-Dev-1066-G93a8603c5 Documentation},
  url = {https://docs.espressif.com/projects/esp-idf/en/latest/get-started/index.html},
  urldate = {2019-12-01},
  file = {C\:\\Users\\FT12L\\Zotero\\storage\\L4NRXMKV\\index.html}
}

@online{noauthor_get_nodate-1,
  title = {Get {{Started}} — {{ESP}}-{{IDF Programming Guide}} v4.1-Dev-1785-G647cb628a Documentation},
  url = {https://docs.espressif.com/projects/esp-idf/en/latest/get-started/index.html#introduction},
  urldate = {2020-01-19},
  file = {C\:\\Users\\FT12L\\Zotero\\storage\\RPGNTEGM\\index.html}
}

@online{noauthor_gnu.org_nodate,
  title = {gnu.org},
  url = {https://www.gnu.org/licenses/quick-guide-gplv3},
  urldate = {2020-01-18},
  file = {C\:\\Users\\FT12L\\Zotero\\storage\\D2HECP7C\\quick-guide-gplv3.html},
  langid = {german}
}

@online{noauthor_introducing_nodate,
  title = {Introducing {{Zephyr}} — {{Zephyr Project Documentation}}},
  url = {https://docs.zephyrproject.org/1.12.0/introduction/introducing_zephyr.html},
  urldate = {2020-01-19},
  file = {C\:\\Users\\FT12L\\Zotero\\storage\\8KP2BA2C\\introducing_zephyr.html}
}

@online{noauthor_mbed_nodate,
  title = {Mbed {{Enabled}} | {{Mbed}}},
  url = {https://www.mbed.com/en/about-mbed/mbed-enabled/introduction/},
  urldate = {2020-01-19},
  file = {C\:\\Users\\FT12L\\Zotero\\storage\\IVRFSPWQ\\introduction.html}
}

@online{noauthor_modules_nodate,
  title = {Modules | {{Espressif Systems}}},
  url = {https://www.espressif.com/en/products/hardware/modules},
  urldate = {2020-01-08},
  file = {C\:\\Users\\FT12L\\Zotero\\storage\\795VX4NI\\modules.html}
}

@online{noauthor_modules_nodate-1,
  title = {Modules | {{Espressif Systems}}},
  url = {https://www.espressif.com/en/products/hardware/modules},
  urldate = {2020-01-10},
  file = {C\:\\Users\\FT12L\\Zotero\\storage\\BXCWHRWP\\modules.html}
}

@online{noauthor_mqtt-v5.0.pdf_nodate,
  title = {Mqtt-v5.0.Pdf},
  url = {https://docs.oasis-open.org/mqtt/mqtt/v5.0/mqtt-v5.0.pdf},
  urldate = {2020-01-12},
  file = {C\:\\Users\\FT12L\\Zotero\\storage\\VEFVDTF3\\mqtt-v5.0.pdf}
}

@inreference{noauthor_ntc_2020,
  title = {{{NTC}}},
  booktitle = {Wikipedia},
  date = {2020-06-05T01:48:55Z},
  url = {https://en.wikipedia.org/w/index.php?title=NTC&oldid=960812384},
  urldate = {2020-07-14},
  abstract = {NTC may refer to:},
  file = {C\:\\Users\\FT12L\\Zotero\\storage\\Q8XPDIA6\\index.html},
  langid = {english}
}

@inreference{noauthor_openhab_2019,
  title = {openHAB},
  booktitle = {Wikipedia},
  date = {2019-12-19T14:42:35Z},
  url = {https://de.wikipedia.org/w/index.php?title=OpenHAB&oldid=195042388},
  urldate = {2020-01-19},
  abstract = {open Home Automation Bus (openHAB) ist eine in Java entwickelte Softwarelösung, die Komponenten zur Gebäudeautomatisierung von den verschiedensten Anbietern hersteller- und protokollneutral in einer Plattform miteinander verbindet. openHAB wurde von Kai Kreuzer 2010 initiiert und hat viele Mitentwickler. Ende 2013 wurde entschieden, openHAB als offizielles Eclipse-Projekt unter dem Namen Eclipse SmartHome zu betreiben. openHAB und Eclipse SmartHome werden parallel weiterentwickelt. Architektur und Funktionen werden überwiegend im Eclipse-SmartHome-Projekt weiterentwickelt, während für Binding-Entwickler weiterhin die openHAB-Website die erste Adresse ist.openHAB 2 hat einen Fokus auf den Benutzerkomfort beim Einrichten und Konfigurieren. Dafür wurden zahlreiche Verbesserungen gegenüber Version 1 eingeführt.openHAB ist betriebssystemunabhängig und ist durch Hinzufügen weiterer Bindings um zusätzliche Technologien/Protokolle erweiterbar. Entwickelt wird openHAB unter der Eclipse Public License und ist Open Source. Als Userinterfaces werden Webbrowser, Android- oder Apple iOS-Systeme unterstützt.},
  file = {C\:\\Users\\FT12L\\Zotero\\storage\\CW3UZRCI\\index.html},
  langid = {german}
}

@online{noauthor_smart_2016,
  title = {Smart Home - openHAB 2 Installation und Konfiguration},
  date = {2016-08-15T19:43:25+00:00},
  journaltitle = {Smarthome Training and Tutorials},
  url = {https://smarthome-training.com/de/openhab-2-installation/},
  urldate = {2020-01-19},
  abstract = {In diesem Beitrag erfahrt ihr wie welche Hardware ihr zur Installation von openHAB 2 benötigt und wie die openHAB 2 Installation erfolgt. Ich gehe auf},
  file = {C\:\\Users\\FT12L\\Zotero\\storage\\KUP7H998\\openhab-2-installation.html},
  langid = {german}
}

@inreference{noauthor_text_2019,
  title = {Text},
  booktitle = {Wikipedia},
  date = {2019-07-11T14:09:05Z},
  url = {https://de.wikipedia.org/w/index.php?title=Text&oldid=190336377},
  urldate = {2019-11-25},
  abstract = {Text (lateinisch texere ‚weben‘, ‚flechten‘) bezeichnet im nichtwissenschaftlichen Sprachgebrauch eine abgegrenzte, zusammenhängende, meist schriftliche sprachliche Äußerung, im weiteren Sinne auch nicht geschriebene, aber schreibbare Sprachinformation (beispielsweise eines Liedes, Films oder einer improvisierten Theater­aufführung). Aus sprachwissenschaftlicher Sicht ist ein Text die sprachliche Form einer kommunikativen Handlung.},
  langid = {german}
}

@online{noauthor_tiefpassfilter_2018,
  title = {Tiefpassfilter - {{Passives RC Filter Tutorial}}},
  date = {2018-05-15T11:26:08+00:00},
  journaltitle = {Basic Electronik Tutorials},
  url = {https://www.electronics-tutorials.ws/de/filtern/passiver-tiefpassfilter.html},
  urldate = {2020-01-01},
  abstract = {Elektronik-Tutorial über passive Tiefpassfilterschaltung einschließlich passiver RC-Tiefpassfilter Frequenzgang erster Ordnung, Bode-Plot und Aufbau},
  file = {C\:\\Users\\FT12L\\Zotero\\storage\\ZUTFMTVV\\passiver-tiefpassfilter.html},
  langid = {english}
}

@online{noauthor_touch_nodate,
  title = {Touch {{Sensor}} - {{ESP32}}-{{S2}} - — {{ESP}}-{{IDF Programming Guide}} Latest Documentation},
  url = {https://docs.espressif.com/projects/esp-idf/en/latest/esp32s2/api-reference/peripherals/touch_pad.html},
  urldate = {2020-07-14},
  file = {C\:\\Users\\FT12L\\Zotero\\storage\\GQ4FLFKP\\touch_pad.html}
}

@online{noauthor_visual_nodate,
  title = {Visual {{Studio Code}} - {{Code Editing}}. {{Redefined}}},
  url = {https://code.visualstudio.com/},
  urldate = {2020-01-08},
  abstract = {Visual Studio Code is a code editor redefined and optimized for building and debugging modern web and cloud applications.~ Visual Studio Code is free and available on your favorite platform - Linux, macOS, and Windows.},
  file = {C\:\\Users\\FT12L\\Zotero\\storage\\DCUBPAIF\\code.visualstudio.com.html},
  langid = {english}
}

@online{noauthor_wi-fi_nodate,
  title = {Wi-{{Fi Alliance}}® Introduces {{Wi}}-{{Fi CERTIFIED WPA3}}™ Security | {{Wi}}-{{Fi Alliance}}},
  url = {https://www.wi-fi.org/news-events/newsroom/wi-fi-alliance-introduces-wi-fi-certified-wpa3-security},
  urldate = {2020-01-13},
  file = {C\:\\Users\\FT12L\\Zotero\\storage\\QU2BEI93\\wi-fi-alliance-introduces-wi-fi-certified-wpa3-security.html}
}

@online{noauthor_youvi:_nodate,
  title = {{{YOUVI}}: {{KNX Haussteuerung}} Mit Der Neuen {{PEAKnx Software}}},
  url = {https://www.peaknx.com/knx-visualisierung-mit-youvi},
  urldate = {2019-12-30},
  file = {C\:\\Users\\FT12L\\Zotero\\storage\\SBAGRV2N\\knx-visualisierung-mit-youvi.html}
}

@online{platformio_platformio_nodate,
  title = {{{PlatformIO}} Is a New Generation Ecosystem for Embedded Development},
  author = {PlatformIO},
  journaltitle = {PlatformIO},
  url = {https://platformio.org},
  urldate = {2020-01-08},
  abstract = {Open source, cross-platform IDE and Unified Debugger. Static Code Analyzer and Remote Unit Testing. Multi-platform and Multi-architecture Build System. Firmware File Explorer and Memory Inspection.},
  file = {C\:\\Users\\FT12L\\Zotero\\storage\\Z6IAGYWT\\platformio-ide.html},
  langid = {english}
}

@online{randomnerdtutorials_esp32_2019,
  title = {{{ESP32 Pinout Reference}}: {{Which GPIO}} Pins Should You Use?},
  shorttitle = {{{ESP32 Pinout Reference}}},
  author = {{randomnerdtutorials}},
  date = {2019-10-02T09:34:04Z},
  journaltitle = {Random Nerd Tutorials},
  url = {https://randomnerdtutorials.com/esp32-pinout-reference-gpios/},
  urldate = {2019-11-28},
  abstract = {The ESP32 comes with 48 GPIOs with multiple functions. This article intends to be a simple and easy to follow reference guide for the ESP32 GPIOs.},
  file = {C\:\\Users\\FT12L\\Zotero\\storage\\RASPCBYZ\\esp32-pinout-reference-gpios.html},
  langid = {american}
}

@software{romero_adrianromero/helloiot_2019,
  title = {Adrianromero/Helloiot},
  author = {Romero, Adrián},
  date = {2019-11-14T08:55:00Z},
  origdate = {2016-04-21T21:18:41Z},
  url = {https://github.com/adrianromero/helloiot},
  urldate = {2019-11-25},
  abstract = {HelloIoT is a MQTT dashboard application. . Contribute to adrianromero/helloiot development by creating an account on GitHub.},
  keywords = {dashboard-application,iot,javafx,javafx-application,javafx-desktop-apps,mqtt}
}

@online{ronald_locher_2017,
  title = {Löcher für Steckdosen bohren | Vorgangsweise, Tipps und Tricks},
  author = {Ronald, Autor:},
  date = {2017-12-15T19:44:35+01:00},
  journaltitle = {Richtig bohren und montieren},
  url = {https://richtig-bohren.net/loecher-fuer-steckdosen-bohren},
  urldate = {2019-11-28},
  abstract = {Erfahren Sie hier, wie Sie Löcher für Steckdosen bohren, welche Bohrer Sie dazu generell brauchen und wie Sie dabei aus meiner Sicht korrekt vorgehen.},
  file = {C\:\\Users\\FT12L\\Zotero\\storage\\TMWTVL9D\\loecher-fuer-steckdosen-bohren.html},
  langid = {german}
}

@video{st33zy_media_mqtt_nodate,
  title = {{{MQTT Binding}} 2.4 {{OPENHAB}} 2 Deutsch / {{MQTT Broker}} in {{OPENHAB}} 2 Anlegen / {{OPENHAB}} 2 {{Tutorial}} Deutsch},
  editor = {ST33ZY Media},
  url = {https://www.youtube.com/watch?v=-8Wwi6MY0e8},
  urldate = {2020-01-19},
  abstract = {In diesem kurzen Video zeige ich euch wie ihr in openHAB2 von dem MQTT Binding 1.x auf das neue MQTT Binding 2.4 umsteigen könnt.
Zuerst wird das Binding installiert und danach ein MQTT Broker angelegt. 
Falls ihr MQTT schon mit dem Binding 1.x benutzt habt übernehmt dazu einfach den Broker Namen, ID, Username und Passwort von der MQTT Config datei. 
Danach legt ihr anhand des Beispiels eines Sonoff Basic´s ein Thing an, andem ihr dann einen Channel mit Hilfe von MQTT.fx anlegt.

➥➥➥ ABONNIERT MEINEN KANAL FÜR MEHR VIDEOS ➥➥➥ 
Verpasse kein Video zum Thema Smart Home. 
Abonnieren ⇢ http://bit.ly/ST33ZYMedia
➥➥➥➥➥➥➥➥➥➥➥➥➥➥➥➥➥➥➥➥➥➥➥➥➥➥➥➥
 
Facebook ⇢  https://www.facebook.com/St33zy-MEDIA...
Twitter ⇢ https://twitter.com/St33zyM
➥Unterstützen ⇢ https://www.gofundme.com/ST33ZYMedia},
  editortype = {director}
}

@online{texas_instruments_datenblatt:_nodate,
  title = {Datenblatt: {{DC}}/{{DC Konverter}}},
  author = {{Texas Instruments}},
  url = {http://www.ti.com/lit/ds/symlink/tps62161.pdf},
  urldate = {2019-05-10}
}

@book{wetherall_computernetzwerke_2012,
  title = {Computernetzwerke},
  author = {Wetherall, David and Tanenbaum, Andrew},
  date = {2012},
  edition = {5},
  publisher = {{Pearson Deutschland GmbH}},
  location = {{München}},
  isbn = {978-3-86894-137-1}
}

@software{zhouhan0126_zhouhan0126/wifimanager-esp32_2019,
  title = {Zhouhan0126/{{WIFIMANAGER}}-{{ESP32}}},
  author = {{zhouhan0126}},
  date = {2019-12-15T16:53:27Z},
  origdate = {2017-08-18T12:30:04Z},
  url = {https://github.com/zhouhan0126/WIFIMANAGER-ESP32},
  urldate = {2019-12-28},
  abstract = {wifimanager－esp32. Contribute to zhouhan0126/WIFIMANAGER-ESP32 development by creating an account on GitHub.}
}


